@article{wang2017predicting,
  title={Predicting search performance in heterogeneous visual search scenes with real-world objects},
  author={Wang, Zhiyuan and Buetti, Simona and Lleras, Alejandro},
  journal={Collabra: Psychology},
  volume={3},
  number={1},
  year={2017},
  publisher={The Regents of the University of California}
}

@article{lleras2019predicting,
  title={Predicting search performance in heterogeneous scenes: Quantifying the impact of homogeneity effects in efficient search},
  author={Lleras, Alejandro and Wang, Zhiyuan and Madison, Anna and Buetti, Simona},
  journal={Collabra: Psychology},
  volume={5},
  number={1},
  year={2019},
  publisher={The Regents of the University of California}
}

@article{buetti2019predicting,
  title={Predicting how color and shape combine in the human visual system to direct attention},
  author={Buetti, Simona and Xu, Jing and Lleras, Alejandro},
  journal={Scientific reports},
  volume={9},
  number={1},
  pages={1--11},
  year={2019},
  publisher={Nature Publishing Group}
}

@article{lleras2020target,
  title={A target contrast signal theory of parallel processing in goal-directed search},
  author={Lleras, Alejandro and Wang, Zhiyuan and Ng, Gavin Jun Peng and Ballew, Kirk and Xu, Jing and Buetti, Simona},
  journal={Attention, Perception, \& Psychophysics},
  pages={1--32},
  year={2020},
  publisher={Springer}
}

@article{buetti2016towards,
  title={Towards a better understanding of parallel visual processing in human vision: Evidence for exhaustive analysis of visual information.},
  author={Buetti, Simona and Cronin, Deborah A and Madison, Anna M and Wang, Zhiyuan and Lleras, Alejandro},
  journal={Journal of Experimental Psychology: General},
  volume={145},
  number={6},
  pages={672},
  year={2016},
  publisher={American Psychological Association}
}

@article{treisman1980feature,
  title={A feature-integration theory of attention},
  author={Treisman, Anne M and Gelade, Garry},
  journal={Cognitive psychology},
  volume={12},
  number={1},
  pages={97--136},
  year={1980},
  publisher={Elsevier}
}

@article{wolfe1989guided,
  title={Guided search: an alternative to the feature integration model for visual search.},
  author={Wolfe, Jeremy M and Cave, Kyle R and Franzel, Susan L},
  journal={Journal of Experimental Psychology: Human perception and performance},
  volume={15},
  number={3},
  pages={419},
  year={1989},
  publisher={American Psychological Association}
}

@article{wolfe2014approaches,
  title={Approaches to visual search: Feature integration theory and guided search},
  author={Wolfe, Jeremy M},
  journal={Oxford handbook of attention},
  pages={11--55},
  year={2014},
  publisher={Oxford University Press New York, NY}
}